<record><leader>00000cas a22000007a 4500</leader><controlfield tag="001">12960163</controlfield><controlfield tag="008">851230d1862186uinuwr ne      0    0eng d</controlfield><datafield ind1=" " ind2=" " tag="010"><subfield code="a">sn 85048274 </subfield></datafield><datafield ind1=" " ind2=" " tag="040"><subfield code="a">NPI</subfield><subfield code="b">eng</subfield><subfield code="c">NPI</subfield><subfield code="d">OCLCQ</subfield></datafield><datafield ind1=" " ind2=" " tag="042"><subfield code="a">msc</subfield></datafield><datafield ind1="0" ind2=" " tag="130"><subfield code="a">Weekly Democratic herald (Greenfield, Ind.)</subfield></datafield><datafield ind1="1" ind2="4" tag="245"><subfield code="a">The weekly Democratic herald.</subfield></datafield><datafield ind1=" " ind2=" " tag="260"><subfield code="a">Greenfield, Ind. :</subfield><subfield code="b">Jas. T. Costello</subfield></datafield><datafield ind1=" " ind2=" " tag="300"><subfield code="a">v. :</subfield><subfield code="b">ill. (chiefly advertisements) ;</subfield><subfield code="c">56 cm.</subfield></datafield><datafield ind1="1" ind2=" " tag="362"><subfield code="a">Began in Dec. 1862; continued about one year.</subfield><subfield code="z">Cf. Miller, John W. Indiana newspaper bibliog.</subfield></datafield><datafield ind1=" " ind2=" " tag="500"><subfield code="a">"A Democratic paper, devoted to the support of the Constitution as it is, and restoration of the Union as it was."</subfield></datafield><datafield ind1=" " ind2=" " tag="588"><subfield code="a">Description based on: Vol. 1, no. 13 (Mar. 13, 1863).</subfield></datafield><datafield ind1=" " ind2=" " tag="752"><subfield code="a">United States</subfield><subfield code="b">Indiana</subfield><subfield code="c">Hancock</subfield><subfield code="d">Greenfield.</subfield></datafield></record>